@Manual{stllibrary,
	title = {C++ containers library},
	key = {stllibrary},
	address = {https://en.cppreference.com/w/cpp/container},
	month = {05},
	year = {2023},
}

@Manual{boostlibrary,
	title = {C++ boost library},
	key = {boostlibrary},
	address = {https://www.boost.org/doc/libs/1\_51\_0/doc/html/boost/unordered\_set.html},
}

@TechReport{arXiv:2010.09583,
	author = {Nadav Rotem and Lee Howes and David Goldblatt},
	title = {Warrior1: A Performance Sanitizer for C++},
	institution = {Cornell University},
	year = {2020},
	key = {arXiv:2010.09583},
	month = {10},
}


@Article{https://doi.org/10.1145/1899503.1899530,
	author = {Vreda Pieterse
	and Derrick G. Kourie
	and Loek Cleophas
	and Bruce W. Watson},
	title = {Performance of C++ bit-vector implementations},
	journal = {SAICSIT '10: Proceedings of the 2010 Annual Research Conference of the South African Institute of Computer},
	year = {2010},
	key = {https://doi.org/10.1145/1899503.1899530},
	pages = {242},
}
